@book{brooks1975,
  author = {Brooks, Frederick P.},
  title = {The Mythical Man-Month: Essays on Software Engineering},
  year = {1975},
  publisher = {Addison-Wesley},
}

@article{booch2018history,
  author = {Grady Booch},
  title = {The History of Software Engineering},
  journal = {IEEE Software},
  year = {2018},
  volume = {35},
  number = {5},
  pages = {108--114},
  month = sep,
}

@misc{swebok2014,
  title = {Guide to the Software Engineering Body of Knowledge (SWEBOK) V3.0},
  author = {Bourque, Pierre and Fairley, Richard E. (eds.)},
  year = {2014},
  howpublished = {IEEE Computer Society},
  note = {ISBN 978-0-7695-5166-1},
}

@inproceedings{royce1970,
  author = {Royce, Winston W.},
  title = {Managing the Development of Large Software Systems},
  booktitle = {Proceedings of IEEE WESCON},
  year = {1970},
}

@article{boehm1988,
  author = {Boehm, Barry W.},
  title = {A Spiral Model of Software Development and Enhancement},
  journal = {Computer},
  year = {1988},
  volume = {21},
  number = {5},
  pages = {61--72},
  publisher = {IEEE},
}

@book{sommerville10e,
  author = {Sommerville, Ian},
  title = {Ingeniería de Software},
  edition = {10},
  year = {2016},
  publisher = {Pearson},
}

@book{pressman2019,
  author = {Pressman, Roger S. and Maxim, Bruce},
  title = {Software Engineering: A Practitioner's Approach},
  edition = {8},
  year = {2019},
  publisher = {McGraw-Hill},
}

@misc{agile2001,
  author = {Beck, Kent and Beedle, Mike and van Bennekum, Arie and others},
  title = {Manifesto for Agile Software Development},
  year = {2001},
  howpublished = {\url{https://agilemanifesto.org/}},
}

@standard{iso12207,
  title = {ISO/IEC/IEEE 12207: Systems and software engineering — Software life
           cycle processes},
  year = {2017},
  organization = {ISO/IEC/IEEE},
}

@standard{iso29148,
  title = {ISO/IEC/IEEE 29148: Systems and software engineering — Life cycle
           processes — Requirements engineering},
  year = {2018},
  organization = {ISO/IEC/IEEE},
}

@standard{iso25010,
  title = {ISO/IEC 25010: Systems and software engineering — Systems and
           software Quality Requirements and Evaluation (SQuaRE) — System and
           software quality models},
  year = {2011},
  organization = {ISO/IEC},
}
